@book{artelectronics,
   author = {Paul Horowitz \& Winfield Hill},
   year = {2015},
   title = {The Art of Electronics},
   edition = {3},
   publisher = {Cambridge University Press},
   address = {United Kingdom},
   chapter = {1},
   pages = {27}
}