@book{artelectronics,
   author = {Paul Horowitz \& Winfield Hill},
   year = {2015},
   title = {The Art of Electronics},
   edition = {3},
   publisher = {Cambridge University Press},
   address = {United Kingdom},
   chapter = {1},
   pages = {27}
}

@online{webfig,
  author = {Regents of the University of California},
  title = {Lab 5 - JFET Circuits II},
  year = 2016,
  url = {http://instrumentationlab.berkeley.edu/Lab5},
  urldate = {2016-10-01}
}

@online{lecture,
  author = {Keith W. Whites},
  title = {http://whites.sdsmt.edu/classes/ee322/class_notes/322Lecture31.pdf},
  year = 2016,
  url = {http://whites.sdsmt.edu/classes/ee322/class_notes/322Lecture31.pdf},
  urldate = {2016-10-01}
}
