@online{webfig,
  author = {Regents of the University of California},
  title = {Lab 6 : Op Amps I},
  year = 2016,
  url = {http://instrumentationlab.berkeley.edu/Lab6},
  urldate = {2016-10-07}
}