@online{lab11,
  author = {Regents of the University of California},
  title = {Lab 11 : Signal Processing and Feedback Control},
  year = 2016,
  url = {http://instrumentationlab.berkeley.edu/Lab11},
  urldate = {2016-11-07}
}
@online{lab6,
  author = {Regents of the University of California},
  title = {Lab 6 : Op Amps I},
  year = 2016,
  url = {http://instrumentationlab.berkeley.edu/Lab6},
  urldate = {2016-10-07}
}
@online{lab9,
  author = {Regents of the University of California},
  title = {Lab 9: LabView Programming},
  year = 2016,
  url = {http://instrumentationlab.berkeley.edu/Lab9},
  urldate = {2016-10-30}
}
@online{conv,
  author = {Wikipedia},
  title = {Convolution Theorem},
  year = 2016,
  url = {https://en.wikipedia.org/wiki/Convolution_theorem},
  urldate = {2016-11-16}
}


