@online{phase,
  author = {Zulko},
  title = {Python, Pitch Shifting, and the Pianoputer},
  year = 2016,
  howpublished = "\url{http://zulko.github.io/blog/2014/03/29/soundstretching-and-pitch-shifting-in-python/}",
  urldate = {2016-12-07}
}
@online{wiki1,
  author = {Wikipedia},
  title = {Sallen Key Topology},
  year = 2016,
  howpublished = "\url{https://en.wikipedia.org/wiki/Sallen\%E2\%80\%93Key_topology}",
  urldate = {2016-12-07}
}
@online{wiki2,
  author = {Wikipedia},
  title = {Piezoelectricity},
  year = 2016,
  howpublished = "\url{https://en.wikipedia.org/wiki/Piezoelectricity}",
  urldate = {2016-12-07}
}
@online{wiki3,
  author = {Wikipedia},
  title = {Window Function},
  year = 2016,
  howpublished = "\url{https://en.wikipedia.org/wiki/Window_function}",
  urldate = {2016-12-07}
}
@online{lab4,
  author = {Regents of the University of California},
  title = {Lab 4: JFETS Circuits I},
  year = 2016,
  howpublished = "\url{http://instrumentationlab.berkeley.edu/Lab4}",
  urldate = {2016-11-30}
}
@online{piezo1,
  author = {C.B. Gitty},
  title = {12-pack 27mm piezos with leads},
  year = 2016,
  howpublished = "\url{https://www.cbgitty.com/cigar-box-guitar-parts/pickups/12-pack-27mm-piezos-with-leads/}",
  urldate = {2016-11-30}
}
