@online{lab7,
  author = {Regents of the University of California},
  title = {Lab 7 : Op Amps II},
  year = 2016,
  url = {http://instrumentationlab.berkeley.edu/Lab7},
  urldate = {2016-10-07}
}
@online{lab2,
  author = {Regents of the University of California},
  title = {Lab 2 : Linear Circuits II},
  year = 2016,
  url = {http://instrumentationlab.berkeley.edu/Lab2},
  urldate = {2016-10-07}
}
@online{lab3,
  author = {Regents of the University of California},
  title = {Lab 3 : Diodes},
  year = 2016,
  url = {http://instrumentationlab.berkeley.edu/Lab3},
  urldate = {2016-10-07}
}