@online{lab8,
  author = {Regents of the University of California},
  title = {Lab 8 : Op Amps III},
  year = 2016,
  url = {http://instrumentationlab.berkeley.edu/Lab8},
  urldate = {2016-10-07}
}
@online{lab6,
  author = {Regents of the University of California},
  title = {Lab 6 : Op Amps I},
  year = 2016,
  url = {http://instrumentationlab.berkeley.edu/Lab6},
  urldate = {2016-10-07}
}
@online{lab3,
  author = {Regents of the University of California},
  title = {Lab 3 : Diodes},
  year = 2016,
  url = {http://instrumentationlab.berkeley.edu/Lab3},
  urldate = {2016-10-07}
}
@online{Johnson,
  author = {Stanford Research Systems},
  title = {MODEL SR560 LOW-NOISE PREAMPLIFIER},
  year = 2013,
  url = {http://www.thinksrs.com/downloads/PDFs/Manuals/SR560m.pdf},
  urldate = {2016-10-25}
}

